@online{resilient-server,
  title        = {{CCTF: Resilient Server}},
  author       = {Jelena Mirkovic},
  url          = {https://www.isi.deterlab.net/file.php?file=/share/shared/ResilientServerCCTFPre-Set},
  organization = {{DETERLab}},
  note         = {Accessed 2021-12-07. Used as a blueprint; the CCTF had slightly different rules.}
}

@inproceedings{argon2i,
  author    = {Biryukov, Alex and Dinu, Daniel and Khovratovich, Dmitry},
  booktitle = {2016 IEEE European Symposium on Security and Privacy (EuroS P)},
  title     = {Argon2: New Generation of Memory-Hard Functions for Password Hashing and Other Applications},
  pages     = {292-302},
  doi       = {10.1109/EuroSP.2016.31},
  year      = {2015}
}

@article{bbr,
  title   = {BBR: Congestion-Based Congestion Control},
  author  = {Neal Cardwell and Yuchung Cheng and C. Stephen Gunn and Soheil Hassas Yeganeh and Van Jacobson},
  year    = {2016},
  url     = {http://queue.acm.org/detail.cfm?id=3022184},
  journal = {ACM Queue},
  pages   = {20 - 53},
  volume  = {14, September-October}
}

@inbook{kurose-ross,
  added-at    = {2017-10-31T13:59:45.000+0100},
  address     = {Boston, MA},
  author      = {Kurose, James F. and Ross, Keith W.},
  biburl      = {https://www.bibsonomy.org/bibtex/24bba1d8ed8db46b0ab7e62a249b7c4d8/flint63},
  description = {3. Auflage 2005 ISBN 978-0-321-26976-8},
  edition     = 7,
  file        = {6th Edition 2013 eBook:2013/KuroseRoss13.pdf:PDF;Pearson Product page:http\://www.mypearsonstore.com/bookstore/computer-networking-a-top-down-approach-0133594149:URL;Amazon Search inside:http\://www.amazon.de/gp/reader/0133594149/:URL},
  groups      = {public},
  interhash   = {d8206be9a754ca1160550d7f378fa153},
  intrahash   = {4bba1d8ed8db46b0ab7e62a249b7c4d8},
  isbn        = {978-0-13-359414-0},
  keywords    = {01841 104 book shelf computer network},
  publisher   = {Pearson},
  timestamp   = {2018-04-16T11:33:13.000+0200},
  title       = {Computer Networking: A Top-Down Approach},
  username    = {flint63},
  year        = 2016,
  pages       = {258-260}
}

@online{varnish,
  title        = {{Varnish}},
  author       = {{Varnish Software}},
  url          = {https://varnish-cache.org/},
  organization = {{Varnish Software}},
  note         = {Accessed 2022-01-12}
}

@online{secure-server,
  title        = {{CCTF: Secure Server}},
  author       = {Jelena Mirkovic},
  url          = {https://steel.isi.edu/Projects/Intel/CTF/CTF2/},
  organization = {{DETERLab}},
  note         = {Accessed 2021-12-07. Used as a blueprint; the CCTF had slightly different rules.}
}

@online{sqlmap,
  title        = {{SQLMap}},
  author       = {Bernardo Damele and Miroslav Stampar},
  url          = {https://sqlmap.org/},
  organization = {{SQLMap}},
  note         = {Accessed 2021-12-07}
}

@online{nmap,
  title        = {{Nmap}},
  author       = {Gordon Lyon},
  url          = {https://nmap.org/},
  organization = {{Nmap}},
  note         = {Accessed 2021-12-07}
}

@online{emkei,
  title  = {{Emkei's Fake Mailer}},
  author = {Emkei},
  url    = {https://emkei.cz/},
  note   = {Accessed 2021-12-07}
}

@online{github:seclists,
  title        = {{SecLists}},
  author       = {Daniel Miessler},
  url          = {https://github.com/danielmiessler/SecLists},
  organization = {GitHub},
  note         = {Commit \path{aa0eb72f3871b01372596a34fb5378910df50073}. Accessed 2022-01-07}
}

@online{github:goldeneye,
  title        = {GoldenEye},
  author       = {Jseidl},
  url          = {https://github.com/jseidl/GoldenEye},
  organization = {GitHub},
  note         = {Commit \path{792862f5c8cb98f9ffcb9fab245e2c663e3a1026}. Accessed 2021-12-06}
}

@online{github:hulk,
  title        = {Hulk},
  author       = {Grafov},
  url          = {https://github.com/grafov/hulk},
  organization = {GitHub},
  note         = {Commit \path{ed2b11c1530e03fb872c008fa669a56d767be474}. Accessed 2021-12-06}
}

@online{github:slowloris,
  title        = {{SlowLoris}},
  author       = {Gkbrk},
  url          = {https://github.com/gkbrk/slowloris},
  organization = {GitHub},
  note         = {Commit \path{5e2bb196cf362d95478dda9e4a6a75fd3f4af0fc}. Accessed 2021-12-06}
}

@online{github:sockstress,
  title        = {{Sockstress}},
  author       = {Defuse},
  url          = {https://github.com/defuse/sockstress},
  organization = {GitHub},
  note         = {Commit \path{d609ad41e71b7ffe504947e69599a65a64fae529}. Accessed 2021-12-06}
}

@online{github:etccetera,
  title        = {Etcetera},
  author       = {{FFFaraz}},
  url          = {https://github.com/fffaraz/Etcetera},
  organization = {GitHub},
  note         = {Commit \path{b0acbf49ca950807b7ee4bc79d14d53785a88b9b}. Accessed 2021-12-06}
}

@online{linux-die:hping3,
  title  = {{HPing3}},
  author = {{Linux DIE manpage}},
  url    = {https://linux.die.net/man/8/hping3},
  note   = {Accessed 2021-12-06}
}

@online{github:pyshark,
  title        = {{PyShark}},
  author       = {{KimiNewt}},
  url          = {https://github.com/KimiNewt/pyshark},
  organization = {GitHub},
  note         = {Accessed 2022-01-03}
}

@online{Mysql:securityguidelines,
  title        = {Security Guidelines},
  author       = {{Oracle}},
  url          = {https://dev.mysql.com/doc/refman/8.0/en/security-guidelines.html},
  organization = {Oracle},
  note         = {Accessed 2022-01-04}
}